@article{Al2015,
	author = {Ал-Исауи Висам Чяад Карим, Смелов Владимир Владиславович, and Мороз Леонарда Станиславовна},
	journal = {Труды БГТУ. Серия 3: Физико-математические науки и информатика},
	number = {6},
	pages = {171--175},
	title = {{Обобщенная модель информационной безопасности системы управления базами данных}},
	url = {https://cyberleninka.ru/article/n/obobschennaya-model-informatsionnoy-bezopasnosti-sistemy-upravleniya-bazami-dannyh/viewer},
	year = {2015}
}

@article{Ytebov2008,
	author = {Утебов Данияр Рашидович, Белов Сергей Валерьевич},
	journal = {Вестник Астраханского государственного технического университета},
	number = {1},
	year = {2008},
	pages = {87--92},
	title = {{Классификация угроз в системах управления базами данных}},
	url = {https://cyberleninka.ru/article/n/klassifikatsiya-ugroz-v-sistemah-upravleniya-bazami-dannyh/viewer}
}

@article{Mysev2019,
	author = {Мысев Алексей Эдуардович, Морозов Николай Владимирович},
	journal = {Отечественная юриспруденция},
	number = {3},
	year = {2019},
	pages = {51--55},
	title = {{Правовое регулирование информационной безопасности в Российской Федерации}},
	url = {https://cyberleninka.ru/article/n/pravovoe-regulirovanie-informatsionnoy-bezopasnosti-v-rossiyskoy-federatsii}
}

@book{Smirnov2007,
	author    = {Смирнов},
	title     = {{Безопасность систем баз данных}},
	publisher = {Гелиос АРВ},
	year      = 2007,
	isbn      = {9785854381635},
	url = {https://www.twirpx.com/file/1706071/}
}

@book{ExpertSystems,
	author    = {{Никулин А.Н.}},
	title     = {{Экспертные системы}},
	publisher = {Ульяновск, УлГТУ},
	year      = 2015,
	isbn      = {978-5-9795-1489-5},
	url = {http://venec.ulstu.ru/lib/disk/2016/75.pdf}
}


@online{Lihonosov2011,
    author = {{Лихоносов А. Г.}},
    title = {{Интернет-курс по дисциплине Безопасность баз данных}},
    url = {http://www.e-biblio.ru/book/bib/01_informatika/b_baz_dan/sg.html},
    urldate = {2020-03-01},
    year={2011}
}

@online{Sergeeva,
	author = {{Т.Ю.Сергеева, М.Ю.Сергеев}},
	title = {{Распределенная обработка данных}},
	url = {https://cchgeu.ru/upload/iblock/cf5/metod_roi_ivt_ras_24.06.2016.pdf},
	urldate = {2020-04-20},
	year = {2014}
}

@online{dce,
	author = {{Бомонка}},
	title = {{Распределенная обработка данных}},
	url = {https://ru.bmstu.wiki/%D0%A0%D0%B0%D1%81%D0%BF%D1%80%D0%B5%D0%B4%D0%B5%D0%BB%D0%B5%D0%BD%D0%BD%D0%B0%D1%8F_%D0%BE%D0%B1%D1%80%D0%B0%D0%B1%D0%BE%D1%82%D0%BA%D0%B0_%D0%B4%D0%B0%D0%BD%D0%BD%D1%8B%D1%85},
	urldate = {2020-04-20},
	year = {2019}
}

@online{infosec,
	author = {{В. Ю. Статьев, В.А. Тиньков}},
	title = {{Информационная безопасность распределенных информационных систем}},
	url = {http://emag.iis.ru/arc/infosoc/emag.nsf/BPA/9191949adeb83654c32575be0039f17c},
	urldate = {2020-04-20}
}

@online{PostrgreSQL,
    url = {https://www.postgresql.org/docs/},
    urldate = {2020-05-20}
}

@online{oracle,
    url = {https://www.oracle.com/ru/database/},
    urldate = {2020-05-21}
}

@online{casandra,
    url = {https://cassandra.apache.org},
    urldate = {2020-05-22}
}

@book{ComputerSecurity2008,
	author    = {Lawrie Brown, William Stallings},
	title     = {{Computer Security Principles and Practice}},
	publisher = {Pearson},
	year      = 2008,
	isbn      = {9780134794105},}

@article{IDSClassification,
	author = {Stefan Axelsson},
	title  = {Intrusion detection systems: a survey and taxonomy},
	month  = {March},
	year   = {2000},
	journal = {Technical Report 99–15},
	publisher = {Chalmers Univ.},
}
@techreport{IDSFSTEK,
  title       = {ИНФОРМАЦИОННОЕ ПИСЬМО ОБ УТВЕРЖДЕНИИ ТРЕБОВАНИЙ К СИСТЕМАМ ОБНАРУЖЕНИЯ ВТОРЖЕНИЙ},
  institution = {ФЕДЕРАЛЬНАЯ СЛУЖБА ПО ТЕХНИЧЕСКОМУ И ЭКСПОРТНОМУ КОНТРОЛЮ (ФСТЭК РОССИИ)},
  year        = {2012}
}

@article{SDB1989,
	author = {NABIL R. ADAM, JOHN C. WORTMANN},
	journal = {ACM Computing Surveys, Vol. 21,},
	number = {4},
	year = {1989},
	title = {Security-Control Methods for Statistical Databases: A Comparative Study},
	url = {https://dl.acm.org/doi/pdf/10.1145/76894.76895}
	}

@book{IntroBD2014,
	author    = {{Дейт К. Дж.}},
	title     = {{Введение в системы баз данных [7 издание]}},
	publisher = {Уфимский Государственный Авиационный Технический Университет},
	year      = 2014,
	}
	
@article{SDB1999,
	author = {KRISHNAMURTY MURALIDHAR, RATHINDRA SARATHY}, 
	journal = {ACM Transactions on Database Systems, Vol. 24},
	number = {4},
	year = {1999},
	title = {Security of Random Data Perturbation Methods},
	url = {https://www.researchgate.net/publication/220225494_Security_of_Random_Data_Perturbation_Methods}
	}
	
@article{LatticeModel,
	author = {Gultekin Ozsoyoglu, JiYong Chung},
	journal = {1986 IEEE Second International Conference on Data Engineering},
	year = {1986},
	title = {Information loss in the lattice model of summary tables due to cell suppression},
	url = {https://ieeexplore.ieee.org/document/7266208}
	}

@article{Utebov2008,
	author = {Утебов Д. Р., Белов С. В.},
	journal = {Вестник Астраханского государственного технического университета},
	number = {1},
	year = {2008},
	pages = {87--92},
	title = {{Классификация угроз в системах управления базами данных}},
	url = {https://cyberleninka.ru/article/n/klassifikatsiya-ugroz-v-sistemah-upravleniya-bazami-dannyh}
}

@book{Pirogov2009,
	author    = {Пирогов},
	title     = {{Информационные системы и базы данных: организация и проектирование}},
	publisher = {БХВ-Петербург},
	year      = 2009,
	isbn      = {978-5-9775-0399-0},
	url = {https://litmy.ru/knigi/os_bd/107950-informacionnye-sistemy-i-bazy-dannyh-organizaciya-i-proektirovanie.html}
}
@book{Karpova2009,
	author    = {Карпова},
	title     = {{Базы данных. Учебное пособие}},
	publisher = {Питер},
	year      = 2009,
	isbn      = {978-5-94157-770-5},
	url = {https://rucont.ru/file.ashx?guid=a46c217d-4dbd-496b-a229-2ac562197d70}
}
@book{Kirillov2009,
	author    = {Кирилов},
	title     = {{Введение в реляционные базы данных}},
	publisher = {БХВ-Петербург},
	year      = 2009,
	isbn      = {978-5-496-00546-3},
	url = {https://mipt.ru/dnbic/content/db.pdf}
}
@book{Date2005,
	author    = {Дейт},
	title     = {{Введение в системы баз данных}},
	publisher = {Вильямс},
	year      = 2005,
	isbn      = {5-8459-0788-8},
	url = {http://tc.kpi.ua/content/lib/vvedenie_v_sistemy_baz_dannyh_8izdanie.pdf}
}
@online{Oracle,
    author = {Sql-oracle},
    title = {{Представления словаря данных}},
    url = {http://sql-oracle.ru/predstavleniya-slovarya-dannyx.html},
    urldate = {2020-05-30},
    year={2014}
}
@online{Serial,
    author = {{Citforum}},
    title = {{Транзакции и целостность баз данных}},
    url = {http://citforum.ru/database/dblearn/dblearn09.shtml},
    urldate = {2020-05-30},
    year={2020}
}
@online{Intuit,
    author = {{Intuit}},
    title = {{Лекция 11: Модели транзакций}},
    url = {https://www.intuit.ru/studies/professional_retraining/953/courses/297/lecture/7419?page=4},
    urldate = {2020-05-30},
    year={2020}
}
@online{IntuitTrigg,
    author = {{Intuit}},
    title = {{Лекция 14: Триггеры: создание и применение}},
    url = {https://www.intuit.ru/studies/courses/5/5/lecture/148},
    urldate = {2020-05-30},
    year={2020}
}
@online{Wiki,
    author = {{Wikipedia}},
    title = {{Двухфазная блокировка}},
    url = {https://ru.wikipedia.org/wiki/Двухфазная_блокировка},
    urldate = {2020-05-30},
    year={2020}
}
@online{WikiLink,
    author = {{Wikipedia}},
    title = {{Ссылочная целостность}},
    url = {https://ru.wikipedia.org/wiki/Ссылочная_целостность},
    urldate = {2020-05-30},
    year={2020}
}
@online{TransCit,
    author = {{Citforum}},
    title = {{Двухфазная блокировка}},
    url = {https://ru.wikipedia.org/wiki/Двухфазная_блокировка},
    urldate = {2020-05-30},
    year={2020}
}
@online{OSP,
    author = {{Jet Infosystems}},
    title = {{Системы управления базами данных - коротко о главном}},
    url = {https://www.osp.ru/news/articles/1995/0402/13031414#part_4},
    urldate = {2020-05-30},
    year={1995}
}

@misc{GOST50922,
	author    = {ФЕДЕРАЛЬНОЕ АГЕНТСТВО ПО ТЕХНИЧЕСКОМУ РЕГУЛИРОВАНИЮ И МЕТРОЛОГИИ},
	title     = {{ГОСТ Р 50922—2006. Защита информации: ОСНОВНЫЕ ТЕРМИНЫ И ОПРЕДЕЛЕНИЯ}},
	publisher = {Стандартинформ},
	year      = 2008,
	url = {https://files.stroyinf.ru/Data2/1/4293836/4293836037.pdf}
}

@book{Zegzhda,
	author    = {Зегжда Д.П., Ивашко А.M.},
	title     = {{Основы безопасности информационных систем}},
	publisher = {Горячая линия - Телеком},
	year      = 2000,
	isbn      = {5-93517-018-3},
	url = {https://www.studmed.ru/zegzhda-d-p-osnovy-bezopasnosti-informacionnyh-sistem_dcc012e982a.html}
}

@online{URFULecture10Models,
    author = {{Уральский федеральный университет}},
    title = {{Лекция 10. Политика и модели безопасности}},
    url = {https://learn.urfu.ru/resource/index/data/resource_id/40980/revision_id/0},
    urldate = {2021-04-07},
}

@online{CitForumSafeDB,
    author = {{Лилия Козленко}},
    title = {{Информационная безопасность в современных системах управления базами данных}},
    url = {http://citforum.ru/security/articles/safe_db/},
    urldate = {2021-04-09},
}

@book{Skakun,
	author    = {Скакун В.В.},
	title     = {{Защита информации в базах данных и экспертных системах}},
	publisher = {БГУ},
	year      = 2017,
	url = {https://elib.bsu.by/bitstream/123456789/48524/5/%D0%97%D0%B0%D1%89%D0%B8%D1%82%D0%B0%20%D0%B8%D0%BD%D1%84%D0%BE%D1%80%D0%BC%D0%B0%D1%86%D0%B8%D0%B8%20%D0%B2%20%D0%91%D0%94.pdf}
}

@online{WikiHRU,
    title = {{Модель Харрисона-Руззо-Ульмана — Википедия}},
    url = {https://ru.wikipedia.org/wiki/%D0%9C%D0%BE%D0%B4%D0%B5%D0%BB%D1%8C_%D0%A5%D0%B0%D1%80%D1%80%D0%B8%D1%81%D0%BE%D0%BD%D0%B0-%D0%A0%D1%83%D0%B7%D0%B7%D0%BE-%D0%A3%D0%BB%D1%8C%D0%BC%D0%B0%D0%BD%D0%B0},
    urldate = {2021-04-09},
    year={2021}
}

@online{WikiTakeGrant,
    title = {{Модель Take-Grant — Википедия}},
    url = {https://ru.wikipedia.org/wiki/%D0%9C%D0%BE%D0%B4%D0%B5%D0%BB%D1%8C_Take-Grant},
    urldate = {2021-04-10},
    year={2021}
}

@online{Jalili,
    title = {{Database Security, 2nd Semester, CE, SUT}},
    author = {Jalili},
    url = {http://ce.sharif.ac.ir/courses/84-85/2/ce925/resources/root/Course%20Materials/3_Acten_Wood_Slides.pdf},
    urldate = {2021-04-12},
    year={2021}
}

@online{SecModels,
    title = {{Security models}},
    url = {https://slideplayer.com/slide/4007727/},
    urldate = {2021-04-12},
    year={2021}
}

@online{Biba,
    title = {{Модель Биба - Biba Model}},
    url = {https://ru.qaz.wiki/wiki/Biba_Model},
    urldate = {2021-04-12},
    year={2021}
}

@book{Osama,
	author    = {Osama S. Faragallah},
	title     = {{Multilevel Security for Relational Databases}},
	publisher = {CRC Press},
	year      = 2015,
	url = {http://www.ittoday.info/Excerpts/Multilevel_Database_Security.pdf}
}

@online{LBAC,
    title = {{Lattice-based access control - Wikipedia}},
    url = {https://en.wikipedia.org/wiki/Lattice-based_access_control},
    urldate = {2021-04-13},
    year={2021}
}

@online{Jalili2,
    title = {{Rasool Jalili; 2nd semester 1384-1385; Database Security, Sharif Uni. of Tech.}},
    author = {Jalili},
    url = {http://ce.sharif.ir/courses/84-85/2/ce925/resources/root/Course%20Materials/5_Access_Models_Dion_SeaView.pdf},
    urldate = {2021-04-14},
    year={2021}
}


@online{Greenplum,
	title = {{Greenplum DB}},
	author = {kapustor},
	url = {https://habr.com/ru/company/tinkoff/blog/267733/},
	urldate = {2015-10-13},
	year={2015}
}

@online{DatabaseShardingIndusEdition,
	title = {{Database Sharding – System Design Interview Concept}},
	author = {anuupadhyay},
	url = {https://www.geeksforgeeks.org/database-sharding-a-system-design-concept/},
	urldate = {2021-09-02},
	year={2021}
}

@online{DatabaseSharding,
	title = {{Understanding Database Sharding}},
	author = {Mark Drake},
	url = {https://www.digitalocean.com/community/tutorials/understanding-database-sharding},
	urldate = {2019-07-02},
	year={2019}
}

@online{Replication,
	title = {{Путеводитель по репликации баз данных}},
	author = {hard\_sign},
	url = {https://habr.com/ru/post/514500/},
	urldate = {2020-08-10},
	year={2020}
}

@article{Baron-Ladyzhensky1994,
	author = {Г. Барон, Г. Ладыженский},
	title = {Технология тиражирования данных с распределенных системах},
	journal = {Открытые системы. СУБД},
	year = {1994}
}

@book{Patterson,
	author    = {David A. Patterson, Garth Gibson, Randy H. Katz},
	title     = {{A Case of Redundant Arrays of Inexpensive Disks}},
	publisher = {Department of Electrical Engineering and Computer Sciences, University of California},
	year      = {1988},
	url = {https://www2.eecs.berkeley.edu/Pubs/TechRpts/1987/CSD-87-391.pdf}
}

@online{WikiHA,
    title = {{High availability}},
    url = {https://en.wikipedia.org/wiki/High_availability},
    urldate = {2022-06-10},
    year={2022}
}

@online{Gregorchenko,
    title = {{Репликация данных}},
    url = {https://highload.today/replikatsiya-dannykh/},
    urldate = {2022-06-12},
    year={2022}
}

@online{PostrgreSQL1,
    title = {{Как настроить репликацию в PostgreSQL}},
    url = {https://selectel.ru/blog/tutorials/how-to-set-up-replication-in-postgresql/},
    urldate = {2022-06-12},
    year={2022}
}

@online{Prometheus-vs-Zabbix,
    title = {{Prometheus vs Zabbix}},
    url = {https://www.metricfire.com/blog/prometheus-vs-zabbix/},
    urldate = {2022-06-12},
    year={2022}
}

@article{Baron,
	author = {Барон Г.Г.},
	journal = {Системы управления базами данных},
	number = {2},
	year = {1995},
	title = {Параллельные архитектуры серверов баз данных},
	url = {https://www.osp.ru/dbms/1995/02/13031421#part_4}
}

@book{Aristov,
	author    = {{Аристов Е.Н.}},
	title     = {{PostgreSQL 13. Тюнинг, Kubernetes, облака.}},
	publisher = {ООО "Сам Полиграфист"},
	year      = 2021,
}

@online{Klyukin,
    title = {{Управление высокодоступными PostgreSQL кластерами с помощью Patroni}},
    author = {А.Клюкин, А.Кукушкин},
    url = {https://habr.com/ru/post/504044/},
    urldate = {2022-06-12},
    year={2022}
}

@online{DataDictionary,
    author = {Wesley Chai},
    title = {data dictionary},
    url = {https://www.techtarget.com/searchapparchitecture/definition/data-dictionary},
    urldate = {2021-03-19}
}

@online{MongoDocsCommands,
    author = {MongoDB, Inc.},
    title = {data dictionary},
    url = {https://docs.mongodb.com/manual/reference/command/},
    urldate = {2021-03-19}
}

@online{BeginningSQL,
    author = {Paul Wilton, John Colby},
    title = {Beginning SQL},
    url = {https://books.google.com/books?id=9eqbXSnji84C},
    urldate = {2021-03-19}
}

@online{TransactionalInformationSystems,
    author = {Gerhard Weikum, Gottfried Vossen},
    title = {Transactional Information Systems: Theory, Algorithms, and the Practice of Concurrency Control and Recovery},
    url = {https://db.in.tum.de/teaching/ss20/transactions/pdf/chapter4.pdf},
    urldate = {2021-04-16}
}

@online{DockerSecurity,
    title = {Docker security},
    url = {https://docs.docker.com/engine/security/},
    urldate = {2022-04-20}
}

@online{DockerSwarmPKI,
    title = {Manage swarm security with public key infrastructure (PKI)},
    url = {https://docs.docker.com/engine/swarm/how-swarm-mode-works/pki/},
    urldate = {2022-04-20}
}

@online{DockerSwarmSecrets,
    title = {Manage sensitive data with Docker secrets},
    url = {https://docs.docker.com/engine/swarm/secrets/},
    urldate = {2022-04-20}
}

@online{DockerSwarmConcepts,
    title = {Swarm mode key concepts},
    url = {https://docs.docker.com/engine/swarm/key-concepts/},
    urldate = {2022-04-20}
}

@online{KuberComponents,
    title = {Swarm mode key concepts},
    url = {https://kubernetes.io/docs/concepts/overview/components/},
    urldate = {2022-04-20}
}

@online{SeaView,
    title = {SeaView},
    url = {https://ieeexplore.ieee.org/stamp/stamp.jsp?arnumber=55088}
}

@online{IDSystem,
	title = {Системы и методы обнаружения вторжений},
	url = {http://citforum.ru/security/internet/ids_overview/}
}

@book{BeynonDavies,
	author    = {{P. Beynon-Davies}},
	title     = {{Expert database systems}},
	publisher = {McGraw-Hill},
	year      = 1991,
}

@book{IntrusionDetection,
	author    = {{T.D. Garvey, T.F. Lunt}},
	title     = {{Model-based Intrusion Detection}},
	publisher = {Baltimore, MD},
	year      = 1991,
}

@online{proglib,
    title = {SQL injections},
    url = {https://proglib.io/p/vzlamyvaem-sayty-shpargalka-po-sql-inekciyam-2019-12-21},
    urldate = {2022-06-14}
}

>>>>>>> df9176c (Add docker and lil bit k8s)
